@article{singh2017multiOU,
author = {Singh, Rajesh and Ghosh, Dipanjan and Adhikari, R.},
Title = {Fast Bayesian inference of the multivariate Ornstein-Uhlenbeck process},
journal = {arxiv:1706.04961},
year = {2017},
}
@article{Raffenetti1970GEA,
	author = {Raffenetti, Richard C. and Ruedenberg, Klaus.},
	Title = {Parametrization of an Orthogonal Matrix in Terms of Generalized Eulerian Angles},
	journal = {International Journal of Quantum Chemistry, Vol.III s,625-634},
	year = {1970},
}

@article{Shepard_param_OM,
	author = {Shepard, Ron  and Brozell, Scott R. and Gidofalvi, Gergely},
	Title = {The Representation and Parametrization of Orthogonal Matrices},
	journal = {Journal of Physical  Chemistry A, 119,7924-7939},
	year = {2015},
}


@book{matrix_cook_book,
	author = { Brandt Petersen, Kaare  and Syskind Pedersen, Michael},
	Title = {The Matrix Cookbook},
	journal = {http://matrixcookbook.com},
	year = {2015},
}

@book{gardiner,
	author = { Gardiner, C.W},
	Title = {Handbook of Stochastic Methods},
	journal = {Springer},
	year = {2004},
}

@article{NLopt,
	author = {Steven G. Johnson},
	Title = {The NLopt nonlinear-optimization package},
	journal = {http://github.com/stevengj/nlopt},
	year = {},
}

@article{Lucy_C,
	author = {Qin, Chongli  and Colwell, Lucy J.},
	Title = {Power law tails in phylogenetic systems},
	journal = {PNAS},
	year = {2017},
}

@article{entropy_paper,
	author = {  Rodriguez Horta Edwin and  Barrat-Charlaix Pierre and Martin Weigt},
	Title = {Toward Inferring Potts Models for Phylogenetically Correlated Sequence Data},
	journal = {Entropy},
	year = {2019,21,1090},
}
@article{Inverse_problem_Berg,
	author = { Nguyen H. Chau and  Zecchina R. N and  Berg  J.},
	Title = {Inverse statistical problems: from the inverse Ising problem to data science},
	journal = {Adv. Phys},
	year = {2017,66,197-261},
}
@article{Inverse_problem_proteins,
	author = { Cocco, S.  and  Feinauer C. N and Figliuzzi M. and Monasson R. and Weigt M},
	Title = {Inverse statistical physics of protein sequences: A key issues review},
	journal = {Rep. Prog. Phys.},
	year = {2018,81,032601},
}

@article{Baldassi,
	author = {Baldassi C. and Zamparo M. and Feinauer C. and Procaccini  A. and Zecchina  R. and Weigt M. and Pagnani},
	Title = {A. Fast and accurate multivariate Gaussian modeling of protein families: Predicting residue contacts and protein-interaction partners.},
	journal = {PLoS ONE },
	year = {2014,9,e92721},
}
